<record><leader>00000cas a22000007a 4500</leader><controlfield tag="001">34272888</controlfield><controlfield tag="008">960227d186u1uuucauuu ne      0    0eng d</controlfield><datafield ind1=" " ind2=" " tag="010"><subfield code="a">sn 95062173 </subfield></datafield><datafield ind1=" " ind2=" " tag="040"><subfield code="a">CNK</subfield><subfield code="b">eng</subfield><subfield code="c">CNK</subfield><subfield code="d">OCL</subfield><subfield code="d">OCLCQ</subfield><subfield code="d">OCLCF</subfield><subfield code="d">OCLCO</subfield></datafield><datafield ind1=" " ind2=" " tag="042"><subfield code="a">msc</subfield></datafield><datafield ind1=" " ind2=" " tag="043"><subfield code="a">n-us---</subfield><subfield code="a">n-us-ca</subfield></datafield><datafield ind1="0" ind2=" " tag="130"><subfield code="a">Irish people (San Francisco, Calif.)</subfield></datafield><datafield ind1="1" ind2="4" tag="245"><subfield code="a">The Irish people.</subfield></datafield><datafield ind1=" " ind2=" " tag="260"><subfield code="a">San Francisco [Calif.] :</subfield><subfield code="b">D.E. McCarthy &amp; Co.</subfield></datafield><datafield ind1=" " ind2=" " tag="300"><subfield code="a">v.</subfield></datafield><datafield ind1=" " ind2=" " tag="588"><subfield code="a">Description based on: Vol. 1., no. 13 (Jan. 27, 1866).</subfield></datafield><datafield ind1=" " ind2="0" tag="650"><subfield code="a">Irish</subfield><subfield code="z">United States</subfield><subfield code="v">Newspapers.</subfield></datafield><datafield ind1=" " ind2="0" tag="651"><subfield code="a">San Francisco (Calif.)</subfield><subfield code="v">Newspapers.</subfield></datafield><datafield ind1=" " ind2="7" tag="655"><subfield code="a">Newspapers.</subfield><subfield code="2">fast</subfield><subfield code="0">(OCoLC)fst01423814</subfield></datafield><datafield ind1=" " ind2="7" tag="650"><subfield code="a">Irish.</subfield><subfield code="2">fast</subfield><subfield code="0">(OCoLC)fst00978902</subfield></datafield><datafield ind1=" " ind2="7" tag="651"><subfield code="a">California</subfield><subfield code="z">San Francisco.</subfield><subfield code="2">fast</subfield><subfield code="0">(OCoLC)fst01204481</subfield></datafield><datafield ind1=" " ind2="7" tag="651"><subfield code="a">United States.</subfield><subfield code="2">fast</subfield><subfield code="0">(OCoLC)fst01204155</subfield></datafield><datafield ind1=" " ind2=" " tag="752"><subfield code="a">United States</subfield><subfield code="b">California</subfield><subfield code="c">San Francisco</subfield><subfield code="d">San Francisco.</subfield></datafield></record>